<?xml version="1.0" encoding="UTF-8"?><record xmlns="http://www.loc.gov/MARC21/slim" xmlns:cinclude="http://apache.org/cocoon/include/1.0" xmlns:zs="http://www.loc.gov/zing/srw/">
  <leader>00561cz  a2200121n  4500</leader>
  <controlfield tag="001">n  88273358 </controlfield>
  <controlfield tag="003">DLC</controlfield>
  <controlfield tag="005">20141210074436.0</controlfield>
  <controlfield tag="008">890630n| azannaab           |n ana      </controlfield>
  <datafield tag="010" ind1=" " ind2=" ">
    <subfield code="a">n  88273358 </subfield>
  </datafield>
  <datafield tag="040" ind1=" " ind2=" ">
    <subfield code="a">DLC</subfield>
    <subfield code="b">eng</subfield>
    <subfield code="e">rda</subfield>
    <subfield code="c">DLC</subfield>
    <subfield code="d">DLC</subfield>
  </datafield>
  <datafield tag="110" ind1="2" ind2=" ">
    <subfield code="a">Arbeitskreis Münsteraner Wissenschaftler für Frieden und Abrüstung</subfield>
  </datafield>
  <datafield tag="670" ind1=" " ind2=" ">
    <subfield code="a">Die Universität zwischen Ökonomisierung und Militarisierung? 1986:</subfield>
    <subfield code="b">p. 4, etc. (... Arbeitskreises Münsteraner Wissenschaftler für Frieden und Abrüstung; Arbeitskreis Münsteraner Wissenschaftler für Frieden und Abrüstung)</subfield>
  </datafield>
</record>